%\bibitem{dmchan}Chan, D.M., Apagodu, M., \& Dyer, R.J. (2007). Searching/Foraging
%with Propensity.
@unpublished{Chan,
	author = {D.M. Chan and Moa Apagodu and R.J. Dyer},
	title = {Searching/{F}oraging with Propensity},
	note = {Submitted for publication}
}

@article{Thompson,
	author = {J.D. Thomson and Montgomery Slatkin and B.A. Thomson},
	title = {Trapline Foraging by Bumble Bees: II: Definition and Detection from Sequence Data},
	year = {1997},
	journal = {Behaviorial Ecology},
	volume = {8},
	number = {2},
	pages = {199-210}
}

@article{Williams,
	author = {Neal M. Williams and James D. Thomson},
	title = {Trapline Foraging by Bumble Bees: III: Temporal Patterns of Visitation and Foraging Success at Single Plants},
	year = {1998},
	journal = {Behaviorial Ecology},
	volume = {9},
	number = {6},
	pages = {612-621(10)}
}

@article{Railsback,
	author = {Railsback, S.F. and Lytinen, S.L. and Jackson, S.K.},
	title = {Agent-based Simulation Platforms: Review and
			Development Recommendations},
	year = {2006},
	journal = {Simulation},
	volume = {82},
	number = {9},
	pages = {609-623}
}

@book{Axelrod,
	author = {Robert Axelrod},
	title = {The Complexity of Cooperation: Agent-Based Models of Competition 
			and Collaboration},
	publisher = {Princeton University Press},
	year = {1997}	 
}

@book{Gilbert,
	author = {Nigel Gilbert},
	title = {Agent-Based Models},
	number = {153},
	publisher = {Sage Publications},
	series = {Quantitative Applications in the Social Sciences},
	year = {1997}	 
}

@article{Viaud08,
	Author = {Viaud, Valerie and Monod, Herve and Lavigne, Claire and Angevin,
	   Frederique and Adamczyk, Katarzyna},
	Title = {Spatial Sensitivity of Maize Gene-Flow to Landscape Pattern: A
	   Simulation Approach},
	Journal = {Landscape Ecology},
	Year = {2008},
	Volume = {23},
	Number = {9},
	Pages = {1067-1079},
	Month = {Nov},
	DOI = {10.1007/s10980-008-9264-1},
	ISSN = {0921-2973},
	Unique-ID = {ISI:000260283100006},
}

@article{Damgaard08,
	Author = {Damgaard, Christian and Simonsen, Vibeke and Osborne, Juliet 
		L.},
	Title = {Prediction of Pollen-Mediated Gene Flow Between Fields of Red 
		Clover (Trifolium pratense)},
	Journal = {Environmental Modeling \& Assesment},
	Year = {2008},
	Volume = {13},
	Number = {4},
	Pages = {483-490},
	Month = {Nov},
	DOI = {10.1007/s10666-007-9112-8},
	ISSN = {1420-2026},
	Unique-ID = {ISI:000260263100003},
}

@article{Lavigne08,
	Author = {Lavigne, Claire and Klein, Etienne K. and Mari, Jean-Francois 
		and Le Ber, Florence and Adamczyk, Katarzyna and Monod, Herve and 
		Angevin, Frederique},
	Title = {How do Genetically Modified (GM) Crops Contribute to Background 
		Levels of GM Pollen in an Agricultural Landscape?},
	Journal = {Journal of Applied Ecology},
	Year = {2008},
	Volume = {45},
	Number = {4},
	Pages = {1104-1113},
	Month = {Aug},
	DOI = {10.1111/j.1365-2664.2008.01504.x},
	ISSN = {0021-8901},
	Unique-ID = {ISI:000257497300013},
}

@article{Hoyle07,
	Author = {Hoyle, Martin and Cresswell, J.E.},
	Title = {A Search Theory Model of Patch-to-Patch Forager Movement With
	   Application to Pollinator-Mediated Gene Flow},
	Journal = {Journal of Theoretical Biology},
	Year = {2007},
	Volume = {248},
	Number = {1},
	Pages = {154-163},
	Month = {Sep},
	DOI = {10.1016/j.jtbi.2007.04.022},
	ISSN = {0022-5193},
	Unique-ID = {ISI:000249469300013},
}

@article{Kuparinen07,
	Author = {Kuparinen, Anna and Schurr, Frank and Tackenberg, Oliver and 
		O'Hara, Robert B.},
	Title = {Air-Mediated Pollen Flow from Genetically Modified to 
		Conventional Crops},
	Journal = {Ecological Applications},
	Year = {2007},
	Volume = {17},
	Number = {2},
	Pages = {431-440},
	Month = {Mar},
	ISSN = {1051-0761},
	Unique-ID = {ISI:000245744200012},
}

@article{Cresswell05,
	Author = {Cresswell, J.E.},
	Title = {Accurate Theoretical Prediction of Pollinator-Mediated Gene 
		Dispersal},
	Journal = {Ecology},
	Year = {2005},
	Volume = {86},
	Number = {3},
	Pages = {574-578},
	Month = {Mar},
	ISSN = {0012-9658},
	Unique-ID = {ISI:000227659700005},
}

@article{Walklate04,
	Author = {Walklate, P.J. and Hunt, J.C.R. and Higson, H.L. and Sweet, J.B.},
	Title = {A Model of Pollen-Mediated Gene Flow for Oilseed Rape},
	Journal = {Proceedings of the Royal Society of London Series B-Biological Sciences},
	Year = {2004},
	Volume = {271},
	Number = {1538},
	Pages = {441-449},
	Month = {Mar},
	DOI = {10.1098/rspb.2003.2578},
	ISSN = {0962-8452},
	Unique-ID = {ISI:000189299600001},
}

@article{Cresswell03,
	Author = {Cresswell, J.E.},
	Title = {Towards the Theory of Pollinator-Mediated Gene Flow},
	Journal = {Proceedings of the Royal Society of London Series B-Biological Sciences},
	Year = {2003},
	Volume = {358},
	Number = {1434},
	Pages = {1005-1008},
	Month = {Jun},
	DOI = {10.1098/rstb.2003.1286},
	ISSN = {0962-8436},
	Unique-ID = {ISI:000183891600004},
}

@article{Streiff99,
	Author = {Streiff, R and Ducousso, A. and Lexer, C. and Steinkellner, H. and
		Gloessl, J. and Kremer, A.},
	Title = {Pollen Dispersal Inferred from Paternity Analysis in a Mixed 
		Oak Stand of Quercus Robur L-and Q-petraea (Matt.) Liebl.},
	Journal = {Molecular Ecology},
	Year = {1999},
	Volume = {8},
	Number = {5},
	Pages = {831-841},
	Month = {May},
	ISSN = {0962-1083},
	Unique-ID = {ISI:000080952900012},
}

@article{Waser96,
	Author = {Waser, NM and Chittka, L and Price, MV and Williams, NM and 
		Ollerton, J},
	Title = {Generalization in Pollination Systems, and Why it Matters},
	Journal = {Ecology},
	Year = {1996},
	Volume = {77},
	Number = {4},
	Pages = {1043-1060},
	Month = {Jun},
	ISSN = {0012-9658},
	Unique-ID = {ISI:A1996UN89400009},
}

@article{Cresswell95,
	Author = {Cresswell, J.E. and Bassom, A.P. and Bell, S.A. and Collins, S.J. and 
		Kelly, T.B.},
	Title = {Predicted Pollen Dispersal by Honey-Bees and Three Species of
		Bumble-Bees Foraging on Oil-Seed Rape: A Comparison of Three Models},
	Journal = {Functional Ecology},
	Year = {1995},
	Volume = {9},
	Number = {6},
	Pages = {829-841},
	Month = {Dec},
	ISSN = {0269-8463},
	Unique-ID = {ISI:A1995TU96300004},
}

@article{Morris93,
	Author = {Morris, W.F.},
	Title = {Predicting the Consequences of Plant Spacing on Biased
		Movement for Pollen Dispersal by Honey-Bees},
	Journal = {Ecology},
	Year = {1993},
	Volume = {74},
	Number = {2},
	Pages = {493-500},
	Month = {Mar},
	ISSN = {0012-9658},
	Unique-ID = {ISI:A1993KN55600019},
}

@book{Johnson99,
	author = {Richard A. Johnson and Dean W. Wichern},
	title = {Applied Multivariate Statistical Analysis},
	edition = {Fourth},
	publisher = {Prentice Hall},
	year = {1999},
}

@Article{Tobias03,
  author={Robert Tobias and Carole Hofmann},
  title={Evaluation of Free Java-Libraries for Social-Scientific Agent Based Simulation},
  journal={Journal of Artificial Societies and Social Simulation},
  year={2004},
  volume={7},
  url={http://ideas.repec.org/a/jas/jasssj/2003-45-2.html}
}

@TechReport{Fioretti05,
  author={Guido Fioretti},
  title={Agent-Based Models of Industrial Clusters and Districts},
  year={2005},
  month={Apr},
  institution={EconWPA},
  type={Urban/Regional},
  url={http://ideas.repec.org/p/wpa/wuwpur/0504009.html},
  number={0504009}
}

@article{Bartumeus07,
	Author = {Bartumeus, F. and Catalan, J. and Viswanathan, G.M. and Raposo, E.P. and da Luz M.G.E.},
	Title = {The Influence of Turning Angles on the Success of Non-Oriented Animal Searches},
	Journal = {Journal of Theoretical Biology},
	Year = {2008},
	Volume = {252},
	Pages = {43-55},
	Month = {Jan}
}

@article{Prasad05,
	Author = {Guru Prasad , B.R. and Renee M. Borges},
	Title = {Searching on Patch Networks Using Correlated Random Walks: Space Usage and Optimal Foraging
		Predictions Using Markov Chain Models},
	Journal = {Journal of Theoretical Biology},
	Year = {2005},
	Volume = {240},
	Pages = {241-249},
	Month = {Oct}
}

@article{Byers01,
	Author = {John A. Byers},
	Title = {Correlated Random Walk Equations of Animal Dispersal Resolved by Simulation},
	Journal = {Journal of Ecology},
	Year = {2001},
	Volume = {82},
	Number = {6},
	Pages = {1680-1690},
	Month = {Jun}
}

@article{REPAST,
	Author = {M.J. North and N.T. Collier and J.R. Vos}, 
	Title = {Experiences Creating Three Implementations of the REPAST Agent Modeling Toolkit},
	Journal = {ACM Transactions on Modeling and Computer Simulation}, 
	Volume = {16}, 
	Number = {1}, 
	Pages = {1-25}, 
	Year = {2006},
	Month = {Jan}
}

@article{Gathman,
	Author = {Achim Gathmann and Teja Tscharntke},
	Title = {Foraging Ranges of Solitary Bees},
	Journal = {Journal of Animal Ecology},
	Volume = {71},
	Pages = {757-764},
	Year = 2002
}

@article{Raine,
	Author = {Nigel E. Raine and Lars Chittka},
	Title = {Pollen Foraging: Learning a Complex Motor Skill by Bumblebees (Bombus \emph{terrestris}},
	Journal = {Naturwissenschaften},
	Volume = {94},
	Pages = {459-464},
	Year = 2007
}

@article{Enriquez,
	Author = {Nathana\"el Enriquez},
	Title = {A Simple Construction of the Fractional Brownian Motion},
	Journal = {Stochastic Processes and their Applications},
	Volume = {109},
	Pages = {203-223},
	Year = {2004}	
}

@article{Klages,
	Author = {R Klages and N Korabel},
	Title = {Understanding Deterministic Diffusion by Correlated Random Walks},
	Journal = {Journal of Physics A: Mathematics and General},
	Volume = {35},
	Pages =  {4823-4836},
	Year = {2002}
}
@article{Codling,
	Author = {Edward A Codling and Michael J Plank and and Simon Benhamou},
	Title = {Random Walk Models in Biology},
	Journal = {Journal of the Royal Society Interface},
	Year = {2008},
	Month = {August},
	Volume = {5},
	Number = {25},
	Pages = {813â€“834}        
}
@article{KleinEtAl2007,
	Author = {Alexandra-Maria Klein and Bernard Vaissiere and James Cane and Ingolf Steffa-Dewenter and Saul Cunningham and Claire Kremen and Teja Tscharntke},
	Title = {Importance of pollinators in changing landscape for world crops},
	Journal = {Proceedings of the Royal Society, Series B},
	Year = {2007},
	Volume = {274},
	Number = {1608},
	Pages = {303-313}        
}
@article{BitzerPatterson1967,
	Author = {Moris Bitzer and Fred Patterson},
	Title = {Pollen dispersal and cross-pollination of soft red winter wheat (\emph{Triticum aestivum} L.)},
	Journal = {Crop Science},
	Year = {1967},
	Volume = {7},
	Number = {5},
	Pages = {482-484}        
}
@article{StreiffEtAl1999,
	Author = {R Streiff and A Ducousso and C Lexer and H Steinkellner and J Gloessl and A Kremer},
	Title = {Pollen dispersal inferred from paternity analysis in a mixed oak stand of \emph{Quercus robur} L. and \emph{Q. patraea} Leibl.},
	Journal={Molecular Ecology},
	Year = {1999},
	Volume = {8},
	Pages = {831-841}        
}
@article{DyerEtAl2012,
	Author = {Rodney Dyer and David Chan and Vicki Gardiakos and Crystal Meadows},
	Title = {Pollination networks: quantifying pollen pool covariance networks and the influence of intervening landscape on genetic connectivity in the North American understory tree, \emph{Cornus florida} L.},
	Journal={Landscape Ecology},
	Year = {2012},
	Volume = {27},
	Pages = {239-251}        
}
@article{DyerSork2001,
	Author = {Rodney Dyer and Victoria Sork},
	Title = {Pollen pool heterogeneity in shortleaf pine, \emph{Pinus echinata}, Mill.},
	Journal={Molecular Ecology},
	Year = {2001},
	Volume = {10},
	Pages = {859-866}        
}
@article{LevinKerster,
	Author = {Donald Levin and Harold Kerster},
	Title = {Gene flow in seed plants.},
	Journal={Evolutionary Biology},
	Year = {1974},
	Volume = {7},
	Pages = {139-220}        
}
@article{OhashiThomson,
	Author = {Kazuharu Ohashi and James Thomson},
	Title = {Trapline foraging by pollinators: its ontogeny, economics, and possible consequences for plants.},
	Journal={Annals of Botany},
	Year = {2009},
	Volume = {103},
	Pages = {1365-1378}        
}

